@article{2022_Leveraging_sound,
	author = {Bhattacharya, Sarnab and Adaimi, Rebecca and Thomaz, Edison},
	title = {Leveraging Sound and Wrist Motion to Detect Activities of Daily Living with Commodity Smartwatches},
	year = {2022},
	issue_date = {July 2022},
	publisher = {Association for Computing Machinery},
	address = {New York, NY, USA},
	volume = {6},
	number = {2},
	url = {https://doi.org/10.1145/3534582},
	doi = {10.1145/3534582},
	month = {jul},
	articleno = {42},
	numpages = {28},
	keywords = {Audio Classification, Smartwatch, Dataset, Gesture Recognition, Motion sensing, Sound Sensing, Human Activity Recognition, Activities of Daily Living, Wearable, Multimodal classification, In-the-wild}
},




